@Book{Dummy1,
author = "John Doe",
title = "Untitled Book",
publisher = "Dummy Publisher",
year = 2019,
}

@article{Article1,
  author          = {Jane Doe},
  title           = {Insert title here},
  journal         = {Insert journal here},
  volume          = {insert metadata here},
  number          = {metadata continued here},
  year            = {20xx}
}